%YAML 1.1
%TAG !u! tag:unity3d.com,2011:
--- !u!29 &1
SceneSettings:
  m_ObjectHideFlags: 0
  m_PVSData: 
  m_PVSObjectsArray: []
  m_PVSPortalsArray: []
  m_OcclusionBakeSettings:
    smallestOccluder: 5
    smallestHole: .25
    backfaceThreshold: 100
--- !u!104 &2
RenderSettings:
  m_Fog: 0
  m_FogColor: {r: .5, g: .5, b: .5, a: 1}
  m_FogMode: 3
  m_FogDensity: .00999999978
  m_LinearFogStart: 0
  m_LinearFogEnd: 300
  m_AmbientLight: {r: .200000003, g: .200000003, b: .200000003, a: 1}
  m_SkyboxMaterial: {fileID: 0}
  m_HaloStrength: .5
  m_FlareStrength: 1
  m_FlareFadeSpeed: 3
  m_HaloTexture: {fileID: 0}
  m_SpotCookie: {fileID: 0}
  m_ObjectHideFlags: 0
--- !u!127 &3
LevelGameManager:
  m_ObjectHideFlags: 0
--- !u!157 &4
LightmapSettings:
  m_ObjectHideFlags: 0
  m_LightProbes: {fileID: 0}
  m_Lightmaps: []
  m_LightmapsMode: 1
  m_BakedColorSpace: 0
  m_UseDualLightmapsInForward: 0
  m_LightmapEditorSettings:
    m_Resolution: 50
    m_LastUsedResolution: 0
    m_TextureWidth: 1024
    m_TextureHeight: 1024
    m_BounceBoost: 1
    m_BounceIntensity: 1
    m_SkyLightColor: {r: .860000014, g: .930000007, b: 1, a: 1}
    m_SkyLightIntensity: 0
    m_Quality: 0
    m_Bounces: 1
    m_FinalGatherRays: 1000
    m_FinalGatherContrastThreshold: .0500000007
    m_FinalGatherGradientThreshold: 0
    m_FinalGatherInterpolationPoints: 15
    m_AOAmount: 0
    m_AOMaxDistance: .100000001
    m_AOContrast: 1
    m_LODSurfaceMappingDistance: 1
    m_Padding: 0
    m_TextureCompression: 0
    m_LockAtlas: 0
--- !u!196 &5
NavMeshSettings:
  m_ObjectHideFlags: 0
  m_BuildSettings:
    agentRadius: .5
    agentHeight: 2
    agentSlope: 45
    agentClimb: .400000006
    ledgeDropHeight: 0
    maxJumpAcrossDistance: 0
    accuratePlacement: 0
    minRegionArea: 2
    widthInaccuracy: 16.666666
    heightInaccuracy: 10
  m_NavMesh: {fileID: 0}
--- !u!1001 &64510440
Prefab:
  m_ObjectHideFlags: 0
  serializedVersion: 2
  m_Modification:
    m_TransformParent: {fileID: 0}
    m_Modifications:
    - target: {fileID: 400000, guid: d339429c49b99b6409a47067d2ecaeed, type: 2}
      propertyPath: m_LocalPosition.x
      value: 0
      objectReference: {fileID: 0}
    - target: {fileID: 400000, guid: d339429c49b99b6409a47067d2ecaeed, type: 2}
      propertyPath: m_LocalPosition.y
      value: 0
      objectReference: {fileID: 0}
    - target: {fileID: 400000, guid: d339429c49b99b6409a47067d2ecaeed, type: 2}
      propertyPath: m_LocalPosition.z
      value: 0
      objectReference: {fileID: 0}
    - target: {fileID: 400000, guid: d339429c49b99b6409a47067d2ecaeed, type: 2}
      propertyPath: m_LocalRotation.x
      value: 0
      objectReference: {fileID: 0}
    - target: {fileID: 400000, guid: d339429c49b99b6409a47067d2ecaeed, type: 2}
      propertyPath: m_LocalRotation.y
      value: 0
      objectReference: {fileID: 0}
    - target: {fileID: 400000, guid: d339429c49b99b6409a47067d2ecaeed, type: 2}
      propertyPath: m_LocalRotation.z
      value: 0
      objectReference: {fileID: 0}
    - target: {fileID: 400000, guid: d339429c49b99b6409a47067d2ecaeed, type: 2}
      propertyPath: m_LocalRotation.w
      value: 1
      objectReference: {fileID: 0}
    - target: {fileID: 11400006, guid: d339429c49b99b6409a47067d2ecaeed, type: 2}
      propertyPath: textObject
      value: 
      objectReference: {fileID: 1921974226}
    m_RemovedComponents: []
  m_ParentPrefab: {fileID: 100100000, guid: d339429c49b99b6409a47067d2ecaeed, type: 2}
  m_RootGameObject: {fileID: 746665565}
  m_IsPrefabParent: 0
  m_IsExploded: 1
--- !u!1001 &96668651
Prefab:
  m_ObjectHideFlags: 0
  serializedVersion: 2
  m_Modification:
    m_TransformParent: {fileID: 240265276}
    m_Modifications:
    - target: {fileID: 400000, guid: 3c895b8997e6b914fad31908de2b02b7, type: 2}
      propertyPath: m_LocalPosition.x
      value: -6.28324127
      objectReference: {fileID: 0}
    - target: {fileID: 400000, guid: 3c895b8997e6b914fad31908de2b02b7, type: 2}
      propertyPath: m_LocalPosition.y
      value: 3.97925949
      objectReference: {fileID: 0}
    - target: {fileID: 400000, guid: 3c895b8997e6b914fad31908de2b02b7, type: 2}
      propertyPath: m_LocalPosition.z
      value: 10
      objectReference: {fileID: 0}
    - target: {fileID: 400000, guid: 3c895b8997e6b914fad31908de2b02b7, type: 2}
      propertyPath: m_LocalRotation.x
      value: 0
      objectReference: {fileID: 0}
    - target: {fileID: 400000, guid: 3c895b8997e6b914fad31908de2b02b7, type: 2}
      propertyPath: m_LocalRotation.y
      value: 0
      objectReference: {fileID: 0}
    - target: {fileID: 400000, guid: 3c895b8997e6b914fad31908de2b02b7, type: 2}
      propertyPath: m_LocalRotation.z
      value: 0
      objectReference: {fileID: 0}
    - target: {fileID: 400000, guid: 3c895b8997e6b914fad31908de2b02b7, type: 2}
      propertyPath: m_LocalRotation.w
      value: 1
      objectReference: {fileID: 0}
    m_RemovedComponents: []
  m_ParentPrefab: {fileID: 100100000, guid: 3c895b8997e6b914fad31908de2b02b7, type: 2}
  m_RootGameObject: {fileID: 1921974224}
  m_IsPrefabParent: 0
  m_IsExploded: 1
--- !u!1 &240265271
GameObject:
  m_ObjectHideFlags: 0
  m_PrefabParentObject: {fileID: 0}
  m_PrefabInternal: {fileID: 0}
  serializedVersion: 4
  m_Component:
  - 4: {fileID: 240265276}
  - 20: {fileID: 240265275}
  - 131: {fileID: 240265272}
  m_Layer: 0
  m_Name: HUDCamera
  m_TagString: Untagged
  m_Icon: {fileID: 0}
  m_NavMeshLayer: 0
  m_StaticEditorFlags: 0
  m_IsActive: 1
--- !u!131 &240265272
GUITexture:
  m_ObjectHideFlags: 0
  m_PrefabParentObject: {fileID: 0}
  m_PrefabInternal: {fileID: 0}
  m_GameObject: {fileID: 240265271}
  m_Enabled: 1
  m_Texture: {fileID: 0}
  m_Color: {r: .5, g: .5, b: .5, a: .5}
  m_PixelInset:
    serializedVersion: 2
    x: 0
    y: 0
    width: 0
    height: 0
  m_LeftBorder: 0
  m_RightBorder: 0
  m_TopBorder: 0
  m_BottomBorder: 0
--- !u!20 &240265275
Camera:
  m_ObjectHideFlags: 0
  m_PrefabParentObject: {fileID: 0}
  m_PrefabInternal: {fileID: 0}
  m_GameObject: {fileID: 240265271}
  m_Enabled: 1
  serializedVersion: 2
  m_ClearFlags: 4
  m_BackGroundColor: {r: .192156866, g: .301960796, b: .474509805, a: .0196078438}
  m_NormalizedViewPortRect:
    serializedVersion: 2
    x: 0
    y: 0
    width: 1
    height: 1
  near clip plane: .300000012
  far clip plane: 1000
  field of view: 60
  orthographic: 1
  orthographic size: 5
  m_Depth: 1
  m_CullingMask:
    serializedVersion: 2
    m_Bits: 4294967295
  m_RenderingPath: -1
  m_TargetTexture: {fileID: 0}
  m_HDR: 0
  m_OcclusionCulling: 1
--- !u!4 &240265276
Transform:
  m_ObjectHideFlags: 0
  m_PrefabParentObject: {fileID: 0}
  m_PrefabInternal: {fileID: 0}
  m_GameObject: {fileID: 240265271}
  m_LocalRotation: {x: 0, y: 0, z: 0, w: 1}
  m_LocalPosition: {x: 71.2649002, y: 29.3926201, z: 1.26589012}
  m_LocalScale: {x: 1, y: 1, z: 1}
  m_Children:
  - {fileID: 1005778771}
  - {fileID: 1921974225}
  m_Father: {fileID: 0}
--- !u!1 &413007651
GameObject:
  m_ObjectHideFlags: 0
  m_PrefabParentObject: {fileID: 100000, guid: e38883c9b7bb20e4090798265c011b72, type: 2}
  m_PrefabInternal: {fileID: 1248412062}
  serializedVersion: 4
  m_Component:
  - 4: {fileID: 413007652}
  - 114: {fileID: 413007653}
  m_Layer: 0
  m_Name: EnemySpawner
  m_TagString: Untagged
  m_Icon: {fileID: 266726316, guid: 0000000000000000d000000000000000, type: 0}
  m_NavMeshLayer: 0
  m_StaticEditorFlags: 0
  m_IsActive: 1
--- !u!4 &413007652
Transform:
  m_ObjectHideFlags: 0
  m_PrefabParentObject: {fileID: 400000, guid: e38883c9b7bb20e4090798265c011b72, type: 2}
  m_PrefabInternal: {fileID: 1248412062}
  m_GameObject: {fileID: 413007651}
  m_LocalRotation: {x: 0, y: 0, z: 0, w: 1}
  m_LocalPosition: {x: -24, y: 0, z: 0}
  m_LocalScale: {x: 1, y: 1, z: 1}
  m_Children: []
  m_Father: {fileID: 0}
--- !u!114 &413007653
MonoBehaviour:
  m_ObjectHideFlags: 0
  m_PrefabParentObject: {fileID: 11400000, guid: e38883c9b7bb20e4090798265c011b72,
    type: 2}
  m_PrefabInternal: {fileID: 1248412062}
  m_GameObject: {fileID: 413007651}
  m_Enabled: 1
  m_EditorHideFlags: 0
  m_Script: {fileID: 11500000, guid: 1f810a45dbc18154398ebb1a5d32c309, type: 3}
  m_Name: 
  m_EditorClassIdentifier: 
  Parent: {fileID: 1188872611}
  EnemyPrefab: {fileID: 100000, guid: 24b1c4609db7ee6429679964dd4eed21, type: 2}
  SpawnFrequency: 10
  Waves: 0
  status: 0
--- !u!1001 &421335384
Prefab:
  m_ObjectHideFlags: 0
  serializedVersion: 2
  m_Modification:
    m_TransformParent: {fileID: 0}
    m_Modifications:
    - target: {fileID: 400000, guid: e38883c9b7bb20e4090798265c011b72, type: 2}
      propertyPath: m_LocalPosition.x
      value: .340986371
      objectReference: {fileID: 0}
    - target: {fileID: 400000, guid: e38883c9b7bb20e4090798265c011b72, type: 2}
      propertyPath: m_LocalPosition.y
      value: 0
      objectReference: {fileID: 0}
    - target: {fileID: 400000, guid: e38883c9b7bb20e4090798265c011b72, type: 2}
      propertyPath: m_LocalPosition.z
      value: 24
      objectReference: {fileID: 0}
    - target: {fileID: 400000, guid: e38883c9b7bb20e4090798265c011b72, type: 2}
      propertyPath: m_LocalRotation.x
      value: 0
      objectReference: {fileID: 0}
    - target: {fileID: 400000, guid: e38883c9b7bb20e4090798265c011b72, type: 2}
      propertyPath: m_LocalRotation.y
      value: 0
      objectReference: {fileID: 0}
    - target: {fileID: 400000, guid: e38883c9b7bb20e4090798265c011b72, type: 2}
      propertyPath: m_LocalRotation.z
      value: 0
      objectReference: {fileID: 0}
    - target: {fileID: 400000, guid: e38883c9b7bb20e4090798265c011b72, type: 2}
      propertyPath: m_LocalRotation.w
      value: 1
      objectReference: {fileID: 0}
    - target: {fileID: 11400000, guid: e38883c9b7bb20e4090798265c011b72, type: 2}
      propertyPath: Parent
      value: 
      objectReference: {fileID: 1188872611}
    m_RemovedComponents: []
  m_ParentPrefab: {fileID: 100100000, guid: e38883c9b7bb20e4090798265c011b72, type: 2}
  m_RootGameObject: {fileID: 1855955312}
  m_IsPrefabParent: 0
  m_IsExploded: 1
--- !u!1 &492775809
GameObject:
  m_ObjectHideFlags: 0
  m_PrefabParentObject: {fileID: 0}
  m_PrefabInternal: {fileID: 0}
  serializedVersion: 4
  m_Component:
  - 4: {fileID: 492775810}
  - 33: {fileID: 492775814}
  - 65: {fileID: 492775813}
  - 23: {fileID: 492775812}
  - 65: {fileID: 492775811}
  m_Layer: 0
  m_Name: Cube
  m_TagString: Untagged
  m_Icon: {fileID: 0}
  m_NavMeshLayer: 0
  m_StaticEditorFlags: 0
  m_IsActive: 1
--- !u!4 &492775810
Transform:
  m_ObjectHideFlags: 0
  m_PrefabParentObject: {fileID: 0}
  m_PrefabInternal: {fileID: 0}
  m_GameObject: {fileID: 492775809}
  m_LocalRotation: {x: 0, y: 0, z: 0, w: 1}
  m_LocalPosition: {x: 19.4447346, y: .240402222, z: 0}
  m_LocalScale: {x: 1, y: 2.54481673, z: 40.6949539}
  m_Children: []
  m_Father: {fileID: 1617230974}
--- !u!65 &492775811
BoxCollider:
  m_ObjectHideFlags: 0
  m_PrefabParentObject: {fileID: 0}
  m_PrefabInternal: {fileID: 0}
  m_GameObject: {fileID: 492775809}
  m_Material: {fileID: 0}
  m_IsTrigger: 0
  m_Enabled: 1
  serializedVersion: 2
  m_Size: {x: 1, y: 1, z: 1}
  m_Center: {x: 0, y: 0, z: 0}
--- !u!23 &492775812
Renderer:
  m_ObjectHideFlags: 0
  m_PrefabParentObject: {fileID: 0}
  m_PrefabInternal: {fileID: 0}
  m_GameObject: {fileID: 492775809}
  m_Enabled: 1
  m_CastShadows: 1
  m_ReceiveShadows: 1
  m_LightmapIndex: 255
  m_LightmapTilingOffset: {x: 1, y: 1, z: 0, w: 0}
  m_Materials:
  - {fileID: 10302, guid: 0000000000000000f000000000000000, type: 0}
  m_SubsetIndices: 
  m_StaticBatchRoot: {fileID: 0}
  m_UseLightProbes: 0
  m_LightProbeAnchor: {fileID: 0}
  m_ScaleInLightmap: 1
  m_SortingLayer: 0
  m_SortingOrder: 0
  m_SortingLayerID: 0
--- !u!65 &492775813
BoxCollider:
  m_ObjectHideFlags: 0
  m_PrefabParentObject: {fileID: 0}
  m_PrefabInternal: {fileID: 0}
  m_GameObject: {fileID: 492775809}
  m_Material: {fileID: 0}
  m_IsTrigger: 0
  m_Enabled: 1
  serializedVersion: 2
  m_Size: {x: 1, y: 1, z: 1}
  m_Center: {x: 0, y: 0, z: 0}
--- !u!33 &492775814
MeshFilter:
  m_ObjectHideFlags: 0
  m_PrefabParentObject: {fileID: 0}
  m_PrefabInternal: {fileID: 0}
  m_GameObject: {fileID: 492775809}
  m_Mesh: {fileID: 10202, guid: 0000000000000000e000000000000000, type: 0}
--- !u!1 &630905715
GameObject:
  m_ObjectHideFlags: 0
  m_PrefabParentObject: {fileID: 0}
  m_PrefabInternal: {fileID: 0}
  serializedVersion: 4
  m_Component:
  - 4: {fileID: 630905720}
  - 20: {fileID: 630905719}
  - 92: {fileID: 630905717}
  - 81: {fileID: 630905716}
  m_Layer: 0
  m_Name: MainCamera
  m_TagString: MainCamera
  m_Icon: {fileID: 0}
  m_NavMeshLayer: 0
  m_StaticEditorFlags: 0
  m_IsActive: 1
--- !u!81 &630905716
AudioListener:
  m_ObjectHideFlags: 0
  m_PrefabParentObject: {fileID: 0}
  m_PrefabInternal: {fileID: 0}
  m_GameObject: {fileID: 630905715}
  m_Enabled: 1
--- !u!92 &630905717
Behaviour:
  m_ObjectHideFlags: 0
  m_PrefabParentObject: {fileID: 0}
  m_PrefabInternal: {fileID: 0}
  m_GameObject: {fileID: 630905715}
  m_Enabled: 1
--- !u!20 &630905719
Camera:
  m_ObjectHideFlags: 0
  m_PrefabParentObject: {fileID: 0}
  m_PrefabInternal: {fileID: 0}
  m_GameObject: {fileID: 630905715}
  m_Enabled: 1
  serializedVersion: 2
  m_ClearFlags: 1
  m_BackGroundColor: {r: .192156866, g: .301960796, b: .474509805, a: .0196078438}
  m_NormalizedViewPortRect:
    serializedVersion: 2
    x: 0
    y: 0
    width: 1
    height: 1
  near clip plane: .300000012
  far clip plane: 1000
  field of view: 21.7000008
  orthographic: 0
  orthographic size: 5
  m_Depth: 0
  m_CullingMask:
    serializedVersion: 2
    m_Bits: 4294967295
  m_RenderingPath: -1
  m_TargetTexture: {fileID: 0}
  m_HDR: 0
  m_OcclusionCulling: 1
--- !u!4 &630905720
Transform:
  m_ObjectHideFlags: 0
  m_PrefabParentObject: {fileID: 0}
  m_PrefabInternal: {fileID: 0}
  m_GameObject: {fileID: 630905715}
  m_LocalRotation: {x: .141355902, y: -.696802378, z: .143062338, w: .688489854}
  m_LocalPosition: {x: 71.2649002, y: 29.3926201, z: 1.26589012}
  m_LocalScale: {x: 1, y: 1, z: 1}
  m_Children: []
  m_Father: {fileID: 0}
--- !u!1 &646523155
GameObject:
  m_ObjectHideFlags: 0
  m_PrefabParentObject: {fileID: 100000, guid: e38883c9b7bb20e4090798265c011b72, type: 2}
  m_PrefabInternal: {fileID: 1325754315}
  serializedVersion: 4
  m_Component:
  - 4: {fileID: 646523156}
  - 114: {fileID: 646523157}
  m_Layer: 0
  m_Name: EnemySpawner
  m_TagString: Untagged
  m_Icon: {fileID: 266726316, guid: 0000000000000000d000000000000000, type: 0}
  m_NavMeshLayer: 0
  m_StaticEditorFlags: 0
  m_IsActive: 1
--- !u!4 &646523156
Transform:
  m_ObjectHideFlags: 0
  m_PrefabParentObject: {fileID: 400000, guid: e38883c9b7bb20e4090798265c011b72, type: 2}
  m_PrefabInternal: {fileID: 1325754315}
  m_GameObject: {fileID: 646523155}
  m_LocalRotation: {x: 0, y: 0, z: 0, w: 1}
  m_LocalPosition: {x: 24, y: 0, z: 0}
  m_LocalScale: {x: 1, y: 1, z: 1}
  m_Children: []
  m_Father: {fileID: 0}
--- !u!114 &646523157
MonoBehaviour:
  m_ObjectHideFlags: 0
  m_PrefabParentObject: {fileID: 11400000, guid: e38883c9b7bb20e4090798265c011b72,
    type: 2}
  m_PrefabInternal: {fileID: 1325754315}
  m_GameObject: {fileID: 646523155}
  m_Enabled: 1
  m_EditorHideFlags: 0
  m_Script: {fileID: 11500000, guid: 1f810a45dbc18154398ebb1a5d32c309, type: 3}
  m_Name: 
  m_EditorClassIdentifier: 
  Parent: {fileID: 1188872611}
  EnemyPrefab: {fileID: 100000, guid: 24b1c4609db7ee6429679964dd4eed21, type: 2}
  SpawnFrequency: 10
  Waves: 0
  status: 0
--- !u!1 &746665565
GameObject:
  m_ObjectHideFlags: 0
  m_PrefabParentObject: {fileID: 100000, guid: d339429c49b99b6409a47067d2ecaeed, type: 2}
  m_PrefabInternal: {fileID: 64510440}
  serializedVersion: 4
  m_Component:
  - 4: {fileID: 746665570}
  - 33: {fileID: 746665569}
  - 136: {fileID: 746665568}
  - 23: {fileID: 746665567}
  - 54: {fileID: 746665571}
  - 136: {fileID: 746665566}
  - 114: {fileID: 746665572}
  - 114: {fileID: 746665573}
  - 114: {fileID: 746665575}
  - 114: {fileID: 746665574}
  m_Layer: 0
  m_Name: PlayerPrefab
  m_TagString: Player
  m_Icon: {fileID: 0}
  m_NavMeshLayer: 0
  m_StaticEditorFlags: 0
  m_IsActive: 1
--- !u!136 &746665566
CapsuleCollider:
  m_ObjectHideFlags: 0
  m_PrefabParentObject: {fileID: 13600000, guid: d339429c49b99b6409a47067d2ecaeed,
    type: 2}
  m_PrefabInternal: {fileID: 64510440}
  m_GameObject: {fileID: 746665565}
  m_Material: {fileID: 0}
  m_IsTrigger: 0
  m_Enabled: 1
  m_Radius: .500000119
  m_Height: 2
  m_Direction: 1
  m_Center: {x: 5.96046448e-08, y: 0, z: -8.94069672e-08}
--- !u!23 &746665567
Renderer:
  m_ObjectHideFlags: 0
  m_PrefabParentObject: {fileID: 2300000, guid: d339429c49b99b6409a47067d2ecaeed,
    type: 2}
  m_PrefabInternal: {fileID: 64510440}
  m_GameObject: {fileID: 746665565}
  m_Enabled: 1
  m_CastShadows: 1
  m_ReceiveShadows: 1
  m_LightmapIndex: 255
  m_LightmapTilingOffset: {x: 1, y: 1, z: 0, w: 0}
  m_Materials:
  - {fileID: 10302, guid: 0000000000000000f000000000000000, type: 0}
  m_SubsetIndices: 
  m_StaticBatchRoot: {fileID: 0}
  m_UseLightProbes: 0
  m_LightProbeAnchor: {fileID: 0}
  m_ScaleInLightmap: 1
  m_SortingLayer: 0
  m_SortingOrder: 0
  m_SortingLayerID: 0
--- !u!136 &746665568
CapsuleCollider:
  m_ObjectHideFlags: 0
  m_PrefabParentObject: {fileID: 13600002, guid: d339429c49b99b6409a47067d2ecaeed,
    type: 2}
  m_PrefabInternal: {fileID: 64510440}
  m_GameObject: {fileID: 746665565}
  m_Material: {fileID: 0}
  m_IsTrigger: 0
  m_Enabled: 1
  m_Radius: .5
  m_Height: 2
  m_Direction: 1
  m_Center: {x: 0, y: 0, z: 0}
--- !u!33 &746665569
MeshFilter:
  m_ObjectHideFlags: 0
  m_PrefabParentObject: {fileID: 3300000, guid: d339429c49b99b6409a47067d2ecaeed,
    type: 2}
  m_PrefabInternal: {fileID: 64510440}
  m_GameObject: {fileID: 746665565}
  m_Mesh: {fileID: 10208, guid: 0000000000000000e000000000000000, type: 0}
--- !u!4 &746665570
Transform:
  m_ObjectHideFlags: 0
  m_PrefabParentObject: {fileID: 400000, guid: d339429c49b99b6409a47067d2ecaeed, type: 2}
  m_PrefabInternal: {fileID: 64510440}
  m_GameObject: {fileID: 746665565}
  m_LocalRotation: {x: 0, y: 0, z: 0, w: 1}
  m_LocalPosition: {x: 0, y: 0, z: 0}
  m_LocalScale: {x: 1, y: 1, z: 1}
  m_Children:
  - {fileID: 1344007271}
  m_Father: {fileID: 0}
--- !u!54 &746665571
Rigidbody:
  m_ObjectHideFlags: 0
  m_PrefabParentObject: {fileID: 5400000, guid: d339429c49b99b6409a47067d2ecaeed,
    type: 2}
  m_PrefabInternal: {fileID: 64510440}
  m_GameObject: {fileID: 746665565}
  serializedVersion: 2
  m_Mass: 1
  m_Drag: 0
  m_AngularDrag: .0500000007
  m_UseGravity: 0
  m_IsKinematic: 0
  m_Interpolate: 0
  m_Constraints: 84
  m_CollisionDetection: 0
--- !u!114 &746665572
MonoBehaviour:
  m_ObjectHideFlags: 0
  m_PrefabParentObject: {fileID: 11400000, guid: d339429c49b99b6409a47067d2ecaeed,
    type: 2}
  m_PrefabInternal: {fileID: 64510440}
  m_GameObject: {fileID: 746665565}
  m_Enabled: 1
  m_EditorHideFlags: 0
  m_Script: {fileID: 11500000, guid: b8053e88553718743a37231a162a8bc9, type: 3}
  m_Name: 
  m_EditorClassIdentifier: 
--- !u!114 &746665573
MonoBehaviour:
  m_ObjectHideFlags: 0
  m_PrefabParentObject: {fileID: 11400002, guid: d339429c49b99b6409a47067d2ecaeed,
    type: 2}
  m_PrefabInternal: {fileID: 64510440}
  m_GameObject: {fileID: 746665565}
  m_Enabled: 1
  m_EditorHideFlags: 0
  m_Script: {fileID: 11500000, guid: f07fcb451c93cdf41ace370f18425db5, type: 3}
  m_Name: 
  m_EditorClassIdentifier: 
  Speed: 10
--- !u!114 &746665574
MonoBehaviour:
  m_ObjectHideFlags: 0
  m_PrefabParentObject: {fileID: 11400006, guid: d339429c49b99b6409a47067d2ecaeed,
    type: 2}
  m_PrefabInternal: {fileID: 64510440}
  m_GameObject: {fileID: 746665565}
  m_Enabled: 1
  m_EditorHideFlags: 0
  m_Script: {fileID: 11500000, guid: a53bc66a223463f4db375cd9aafa52a5, type: 3}
  m_Name: 
  m_EditorClassIdentifier: 
  textObject: {fileID: 1921974226}
  Score: 0
--- !u!114 &746665575
MonoBehaviour:
  m_ObjectHideFlags: 0
  m_PrefabParentObject: {fileID: 11400004, guid: d339429c49b99b6409a47067d2ecaeed,
    type: 2}
  m_PrefabInternal: {fileID: 64510440}
  m_GameObject: {fileID: 746665565}
  m_Enabled: 1
  m_EditorHideFlags: 0
  m_Script: {fileID: 11500000, guid: 9bd8606178aa5294bb1af38cd5eccb61, type: 3}
  m_Name: 
  m_EditorClassIdentifier: 
  ShootFrom: {fileID: 1344007271}
  NumberLasers: 1
  LaserPrefab: {fileID: 100000, guid: 50651f6811ef64b48b79b7f234cf9d21, type: 2}
  LaserMaterial: {fileID: 2100000, guid: 642367443312c224bb40c297365867ac, type: 2}
--- !u!1001 &762308398
Prefab:
  m_ObjectHideFlags: 0
  serializedVersion: 2
  m_Modification:
    m_TransformParent: {fileID: 0}
    m_Modifications:
    - target: {fileID: 400000, guid: e38883c9b7bb20e4090798265c011b72, type: 2}
      propertyPath: m_LocalPosition.x
      value: -.59462738
      objectReference: {fileID: 0}
    - target: {fileID: 400000, guid: e38883c9b7bb20e4090798265c011b72, type: 2}
      propertyPath: m_LocalPosition.y
      value: 0
      objectReference: {fileID: 0}
    - target: {fileID: 400000, guid: e38883c9b7bb20e4090798265c011b72, type: 2}
      propertyPath: m_LocalPosition.z
      value: -24
      objectReference: {fileID: 0}
    - target: {fileID: 400000, guid: e38883c9b7bb20e4090798265c011b72, type: 2}
      propertyPath: m_LocalRotation.x
      value: 0
      objectReference: {fileID: 0}
    - target: {fileID: 400000, guid: e38883c9b7bb20e4090798265c011b72, type: 2}
      propertyPath: m_LocalRotation.y
      value: 0
      objectReference: {fileID: 0}
    - target: {fileID: 400000, guid: e38883c9b7bb20e4090798265c011b72, type: 2}
      propertyPath: m_LocalRotation.z
      value: 0
      objectReference: {fileID: 0}
    - target: {fileID: 400000, guid: e38883c9b7bb20e4090798265c011b72, type: 2}
      propertyPath: m_LocalRotation.w
      value: 1
      objectReference: {fileID: 0}
    - target: {fileID: 11400000, guid: e38883c9b7bb20e4090798265c011b72, type: 2}
      propertyPath: Parent
      value: 
      objectReference: {fileID: 1188872611}
    m_RemovedComponents: []
  m_ParentPrefab: {fileID: 100100000, guid: e38883c9b7bb20e4090798265c011b72, type: 2}
  m_RootGameObject: {fileID: 1145045660}
  m_IsPrefabParent: 0
  m_IsExploded: 1
--- !u!1 &1005778769
GameObject:
  m_ObjectHideFlags: 0
  m_PrefabParentObject: {fileID: 0}
  m_PrefabInternal: {fileID: 0}
  serializedVersion: 4
  m_Component:
  - 4: {fileID: 1005778771}
  - 212: {fileID: 1005778770}
  m_Layer: 0
  m_Name: FullHeart
  m_TagString: Untagged
  m_Icon: {fileID: 0}
  m_NavMeshLayer: 0
  m_StaticEditorFlags: 0
  m_IsActive: 1
--- !u!212 &1005778770
SpriteRenderer:
  m_ObjectHideFlags: 0
  m_PrefabParentObject: {fileID: 0}
  m_PrefabInternal: {fileID: 0}
  m_GameObject: {fileID: 1005778769}
  m_Enabled: 1
  m_CastShadows: 0
  m_ReceiveShadows: 0
  m_LightmapIndex: 255
  m_LightmapTilingOffset: {x: 1, y: 1, z: 0, w: 0}
  m_Materials:
  - {fileID: 10754, guid: 0000000000000000e000000000000000, type: 0}
  m_SubsetIndices: 
  m_StaticBatchRoot: {fileID: 0}
  m_UseLightProbes: 0
  m_LightProbeAnchor: {fileID: 0}
  m_ScaleInLightmap: 1
  m_SortingLayer: 0
  m_SortingOrder: 0
  m_SortingLayerID: 0
  m_Sprite: {fileID: 21300002, guid: 7c5be9a5bd4560041a1faefa7559d120, type: 3}
  m_Color: {r: 1, g: 1, b: 1, a: 1}
--- !u!4 &1005778771
Transform:
  m_ObjectHideFlags: 0
  m_PrefabParentObject: {fileID: 0}
  m_PrefabInternal: {fileID: 0}
  m_GameObject: {fileID: 1005778769}
  m_LocalRotation: {x: 0, y: 0, z: 0, w: 1}
  m_LocalPosition: {x: -8.34235001, y: 4.46708679, z: 10}
  m_LocalScale: {x: 1, y: 1, z: 1}
  m_Children: []
  m_Father: {fileID: 240265276}
--- !u!1 &1007847193
GameObject:
  m_ObjectHideFlags: 0
  m_PrefabParentObject: {fileID: 0}
  m_PrefabInternal: {fileID: 0}
  serializedVersion: 4
  m_Component:
  - 4: {fileID: 1007847194}
  - 33: {fileID: 1007847198}
  - 65: {fileID: 1007847197}
  - 23: {fileID: 1007847196}
  - 65: {fileID: 1007847195}
  m_Layer: 0
  m_Name: Cube
  m_TagString: Untagged
  m_Icon: {fileID: 0}
  m_NavMeshLayer: 0
  m_StaticEditorFlags: 0
  m_IsActive: 1
--- !u!4 &1007847194
Transform:
  m_ObjectHideFlags: 0
  m_PrefabParentObject: {fileID: 0}
  m_PrefabInternal: {fileID: 0}
  m_GameObject: {fileID: 1007847193}
  m_LocalRotation: {x: 0, y: 0, z: 0, w: 1}
  m_LocalPosition: {x: -19.5552654, y: .240402222, z: 0}
  m_LocalScale: {x: 1, y: 2.54481673, z: 40.6949539}
  m_Children: []
  m_Father: {fileID: 1617230974}
--- !u!65 &1007847195
BoxCollider:
  m_ObjectHideFlags: 0
  m_PrefabParentObject: {fileID: 0}
  m_PrefabInternal: {fileID: 0}
  m_GameObject: {fileID: 1007847193}
  m_Material: {fileID: 0}
  m_IsTrigger: 0
  m_Enabled: 1
  serializedVersion: 2
  m_Size: {x: 1, y: 1, z: 1}
  m_Center: {x: 0, y: 0, z: 0}
--- !u!23 &1007847196
Renderer:
  m_ObjectHideFlags: 0
  m_PrefabParentObject: {fileID: 0}
  m_PrefabInternal: {fileID: 0}
  m_GameObject: {fileID: 1007847193}
  m_Enabled: 1
  m_CastShadows: 1
  m_ReceiveShadows: 1
  m_LightmapIndex: 255
  m_LightmapTilingOffset: {x: 1, y: 1, z: 0, w: 0}
  m_Materials:
  - {fileID: 10302, guid: 0000000000000000f000000000000000, type: 0}
  m_SubsetIndices: 
  m_StaticBatchRoot: {fileID: 0}
  m_UseLightProbes: 0
  m_LightProbeAnchor: {fileID: 0}
  m_ScaleInLightmap: 1
  m_SortingLayer: 0
  m_SortingOrder: 0
  m_SortingLayerID: 0
--- !u!65 &1007847197
BoxCollider:
  m_ObjectHideFlags: 0
  m_PrefabParentObject: {fileID: 0}
  m_PrefabInternal: {fileID: 0}
  m_GameObject: {fileID: 1007847193}
  m_Material: {fileID: 0}
  m_IsTrigger: 0
  m_Enabled: 1
  serializedVersion: 2
  m_Size: {x: 1, y: 1, z: 1}
  m_Center: {x: 0, y: 0, z: 0}
--- !u!33 &1007847198
MeshFilter:
  m_ObjectHideFlags: 0
  m_PrefabParentObject: {fileID: 0}
  m_PrefabInternal: {fileID: 0}
  m_GameObject: {fileID: 1007847193}
  m_Mesh: {fileID: 10202, guid: 0000000000000000e000000000000000, type: 0}
--- !u!1 &1145045660
GameObject:
  m_ObjectHideFlags: 0
  m_PrefabParentObject: {fileID: 100000, guid: e38883c9b7bb20e4090798265c011b72, type: 2}
  m_PrefabInternal: {fileID: 762308398}
  serializedVersion: 4
  m_Component:
  - 4: {fileID: 1145045661}
  - 114: {fileID: 1145045662}
  m_Layer: 0
  m_Name: EnemySpawner
  m_TagString: Untagged
  m_Icon: {fileID: 266726316, guid: 0000000000000000d000000000000000, type: 0}
  m_NavMeshLayer: 0
  m_StaticEditorFlags: 0
  m_IsActive: 1
--- !u!4 &1145045661
Transform:
  m_ObjectHideFlags: 0
  m_PrefabParentObject: {fileID: 400000, guid: e38883c9b7bb20e4090798265c011b72, type: 2}
  m_PrefabInternal: {fileID: 762308398}
  m_GameObject: {fileID: 1145045660}
  m_LocalRotation: {x: 0, y: 0, z: 0, w: 1}
  m_LocalPosition: {x: -.59462738, y: 0, z: -24}
  m_LocalScale: {x: 1, y: 1, z: 1}
  m_Children: []
  m_Father: {fileID: 0}
--- !u!114 &1145045662
MonoBehaviour:
  m_ObjectHideFlags: 0
  m_PrefabParentObject: {fileID: 11400000, guid: e38883c9b7bb20e4090798265c011b72,
    type: 2}
  m_PrefabInternal: {fileID: 762308398}
  m_GameObject: {fileID: 1145045660}
  m_Enabled: 1
  m_EditorHideFlags: 0
  m_Script: {fileID: 11500000, guid: 1f810a45dbc18154398ebb1a5d32c309, type: 3}
  m_Name: 
  m_EditorClassIdentifier: 
  Parent: {fileID: 1188872611}
  EnemyPrefab: {fileID: 100000, guid: 24b1c4609db7ee6429679964dd4eed21, type: 2}
  SpawnFrequency: 10
  Waves: 0
  status: 0
--- !u!1 &1188872610
GameObject:
  m_ObjectHideFlags: 0
  m_PrefabParentObject: {fileID: 0}
  m_PrefabInternal: {fileID: 0}
  serializedVersion: 4
  m_Component:
  - 4: {fileID: 1188872611}
  m_Layer: 0
  m_Name: Enemies
  m_TagString: Untagged
  m_Icon: {fileID: 0}
  m_NavMeshLayer: 0
  m_StaticEditorFlags: 0
  m_IsActive: 1
--- !u!4 &1188872611
Transform:
  m_ObjectHideFlags: 0
  m_PrefabParentObject: {fileID: 0}
  m_PrefabInternal: {fileID: 0}
  m_GameObject: {fileID: 1188872610}
  m_LocalRotation: {x: 0, y: 0, z: 0, w: 1}
  m_LocalPosition: {x: 0, y: 0, z: 0}
  m_LocalScale: {x: 1, y: 1, z: 1}
  m_Children: []
  m_Father: {fileID: 0}
--- !u!1 &1190375709
GameObject:
  m_ObjectHideFlags: 0
  m_PrefabParentObject: {fileID: 0}
  m_PrefabInternal: {fileID: 0}
  serializedVersion: 4
  m_Component:
  - 4: {fileID: 1190375711}
  - 108: {fileID: 1190375710}
  m_Layer: 0
  m_Name: Directional light
  m_TagString: Untagged
  m_Icon: {fileID: 0}
  m_NavMeshLayer: 0
  m_StaticEditorFlags: 0
  m_IsActive: 1
--- !u!108 &1190375710
Light:
  m_ObjectHideFlags: 0
  m_PrefabParentObject: {fileID: 0}
  m_PrefabInternal: {fileID: 0}
  m_GameObject: {fileID: 1190375709}
  m_Enabled: 1
  serializedVersion: 3
  m_Type: 2
  m_Color: {r: 1, g: 1, b: 1, a: 1}
  m_Intensity: .5
  m_Range: 221.289993
  m_SpotAngle: 30
  m_CookieSize: 10
  m_Shadows:
    m_Type: 0
    m_Resolution: -1
    m_Strength: 1
    m_Bias: .0500000007
    m_Softness: 4
    m_SoftnessFade: 1
  m_Cookie: {fileID: 0}
  m_DrawHalo: 0
  m_ActuallyLightmapped: 0
  m_Flare: {fileID: 0}
  m_RenderMode: 0
  m_CullingMask:
    serializedVersion: 2
    m_Bits: 4294967295
  m_Lightmapping: 1
  m_ShadowSamples: 1
  m_ShadowRadius: 0
  m_ShadowAngle: 0
  m_IndirectIntensity: 1
  m_AreaSize: {x: 1, y: 1}
--- !u!4 &1190375711
Transform:
  m_ObjectHideFlags: 0
  m_PrefabParentObject: {fileID: 0}
  m_PrefabInternal: {fileID: 0}
  m_GameObject: {fileID: 1190375709}
  m_LocalRotation: {x: .408217937, y: -.234569728, z: .109381661, w: .875426114}
  m_LocalPosition: {x: 0, y: 34.447464, z: 0}
  m_LocalScale: {x: 1, y: 1, z: 1}
  m_Children: []
  m_Father: {fileID: 0}
--- !u!1001 &1248412062
Prefab:
  m_ObjectHideFlags: 0
  serializedVersion: 2
  m_Modification:
    m_TransformParent: {fileID: 0}
    m_Modifications:
    - target: {fileID: 400000, guid: e38883c9b7bb20e4090798265c011b72, type: 2}
      propertyPath: m_LocalPosition.x
      value: -24
      objectReference: {fileID: 0}
    - target: {fileID: 400000, guid: e38883c9b7bb20e4090798265c011b72, type: 2}
      propertyPath: m_LocalPosition.y
      value: 0
      objectReference: {fileID: 0}
    - target: {fileID: 400000, guid: e38883c9b7bb20e4090798265c011b72, type: 2}
      propertyPath: m_LocalPosition.z
      value: 0
      objectReference: {fileID: 0}
    - target: {fileID: 400000, guid: e38883c9b7bb20e4090798265c011b72, type: 2}
      propertyPath: m_LocalRotation.x
      value: 0
      objectReference: {fileID: 0}
    - target: {fileID: 400000, guid: e38883c9b7bb20e4090798265c011b72, type: 2}
      propertyPath: m_LocalRotation.y
      value: 0
      objectReference: {fileID: 0}
    - target: {fileID: 400000, guid: e38883c9b7bb20e4090798265c011b72, type: 2}
      propertyPath: m_LocalRotation.z
      value: 0
      objectReference: {fileID: 0}
    - target: {fileID: 400000, guid: e38883c9b7bb20e4090798265c011b72, type: 2}
      propertyPath: m_LocalRotation.w
      value: 1
      objectReference: {fileID: 0}
    - target: {fileID: 11400000, guid: e38883c9b7bb20e4090798265c011b72, type: 2}
      propertyPath: Parent
      value: 
      objectReference: {fileID: 1188872611}
    m_RemovedComponents: []
  m_ParentPrefab: {fileID: 100100000, guid: e38883c9b7bb20e4090798265c011b72, type: 2}
  m_RootGameObject: {fileID: 413007651}
  m_IsPrefabParent: 0
  m_IsExploded: 1
--- !u!1001 &1325754315
Prefab:
  m_ObjectHideFlags: 0
  serializedVersion: 2
  m_Modification:
    m_TransformParent: {fileID: 0}
    m_Modifications:
    - target: {fileID: 400000, guid: e38883c9b7bb20e4090798265c011b72, type: 2}
      propertyPath: m_LocalPosition.x
      value: 24
      objectReference: {fileID: 0}
    - target: {fileID: 400000, guid: e38883c9b7bb20e4090798265c011b72, type: 2}
      propertyPath: m_LocalPosition.y
      value: 0
      objectReference: {fileID: 0}
    - target: {fileID: 400000, guid: e38883c9b7bb20e4090798265c011b72, type: 2}
      propertyPath: m_LocalPosition.z
      value: 0
      objectReference: {fileID: 0}
    - target: {fileID: 400000, guid: e38883c9b7bb20e4090798265c011b72, type: 2}
      propertyPath: m_LocalRotation.x
      value: 0
      objectReference: {fileID: 0}
    - target: {fileID: 400000, guid: e38883c9b7bb20e4090798265c011b72, type: 2}
      propertyPath: m_LocalRotation.y
      value: 0
      objectReference: {fileID: 0}
    - target: {fileID: 400000, guid: e38883c9b7bb20e4090798265c011b72, type: 2}
      propertyPath: m_LocalRotation.z
      value: 0
      objectReference: {fileID: 0}
    - target: {fileID: 400000, guid: e38883c9b7bb20e4090798265c011b72, type: 2}
      propertyPath: m_LocalRotation.w
      value: 1
      objectReference: {fileID: 0}
    - target: {fileID: 11400000, guid: e38883c9b7bb20e4090798265c011b72, type: 2}
      propertyPath: Parent
      value: 
      objectReference: {fileID: 1188872611}
    - target: {fileID: 11400000, guid: e38883c9b7bb20e4090798265c011b72, type: 2}
      propertyPath: status
      value: 0
      objectReference: {fileID: 0}
    m_RemovedComponents: []
  m_ParentPrefab: {fileID: 100100000, guid: e38883c9b7bb20e4090798265c011b72, type: 2}
  m_RootGameObject: {fileID: 646523155}
  m_IsPrefabParent: 0
  m_IsExploded: 1
--- !u!1 &1344007270
GameObject:
  m_ObjectHideFlags: 0
  m_PrefabParentObject: {fileID: 100002, guid: d339429c49b99b6409a47067d2ecaeed, type: 2}
  m_PrefabInternal: {fileID: 64510440}
  serializedVersion: 4
  m_Component:
  - 4: {fileID: 1344007271}
  - 33: {fileID: 1344007274}
  - 65: {fileID: 1344007273}
  - 23: {fileID: 1344007272}
  m_Layer: 0
  m_Name: Gun
  m_TagString: Untagged
  m_Icon: {fileID: 0}
  m_NavMeshLayer: 0
  m_StaticEditorFlags: 0
  m_IsActive: 1
--- !u!4 &1344007271
Transform:
  m_ObjectHideFlags: 0
  m_PrefabParentObject: {fileID: 400002, guid: d339429c49b99b6409a47067d2ecaeed, type: 2}
  m_PrefabInternal: {fileID: 64510440}
  m_GameObject: {fileID: 1344007270}
  m_LocalRotation: {x: 0, y: 0, z: 0, w: 1}
  m_LocalPosition: {x: .344181418, y: 0, z: .392297208}
  m_LocalScale: {x: .258482963, y: .242608517, z: 1}
  m_Children: []
  m_Father: {fileID: 746665570}
--- !u!23 &1344007272
Renderer:
  m_ObjectHideFlags: 0
  m_PrefabParentObject: {fileID: 2300002, guid: d339429c49b99b6409a47067d2ecaeed,
    type: 2}
  m_PrefabInternal: {fileID: 64510440}
  m_GameObject: {fileID: 1344007270}
  m_Enabled: 1
  m_CastShadows: 1
  m_ReceiveShadows: 1
  m_LightmapIndex: 255
  m_LightmapTilingOffset: {x: 1, y: 1, z: 0, w: 0}
  m_Materials:
  - {fileID: 10302, guid: 0000000000000000f000000000000000, type: 0}
  m_SubsetIndices: 
  m_StaticBatchRoot: {fileID: 0}
  m_UseLightProbes: 0
  m_LightProbeAnchor: {fileID: 0}
  m_ScaleInLightmap: 1
  m_SortingLayer: 0
  m_SortingOrder: 0
  m_SortingLayerID: 0
--- !u!65 &1344007273
BoxCollider:
  m_ObjectHideFlags: 0
  m_PrefabParentObject: {fileID: 6500000, guid: d339429c49b99b6409a47067d2ecaeed,
    type: 2}
  m_PrefabInternal: {fileID: 64510440}
  m_GameObject: {fileID: 1344007270}
  m_Material: {fileID: 0}
  m_IsTrigger: 0
  m_Enabled: 1
  serializedVersion: 2
  m_Size: {x: 1, y: 1, z: 1}
  m_Center: {x: 0, y: 0, z: 0}
--- !u!33 &1344007274
MeshFilter:
  m_ObjectHideFlags: 0
  m_PrefabParentObject: {fileID: 3300002, guid: d339429c49b99b6409a47067d2ecaeed,
    type: 2}
  m_PrefabInternal: {fileID: 64510440}
  m_GameObject: {fileID: 1344007270}
  m_Mesh: {fileID: 10202, guid: 0000000000000000e000000000000000, type: 0}
--- !u!1 &1402201939
GameObject:
  m_ObjectHideFlags: 0
  m_PrefabParentObject: {fileID: 0}
  m_PrefabInternal: {fileID: 0}
  serializedVersion: 4
  m_Component:
  - 4: {fileID: 1402201944}
  - 33: {fileID: 1402201943}
  - 65: {fileID: 1402201942}
  - 23: {fileID: 1402201941}
  - 65: {fileID: 1402201940}
  m_Layer: 0
  m_Name: Cube
  m_TagString: Untagged
  m_Icon: {fileID: 0}
  m_NavMeshLayer: 0
  m_StaticEditorFlags: 0
  m_IsActive: 1
--- !u!65 &1402201940
BoxCollider:
  m_ObjectHideFlags: 0
  m_PrefabParentObject: {fileID: 0}
  m_PrefabInternal: {fileID: 0}
  m_GameObject: {fileID: 1402201939}
  m_Material: {fileID: 0}
  m_IsTrigger: 0
  m_Enabled: 1
  serializedVersion: 2
  m_Size: {x: 1, y: 1, z: 1}
  m_Center: {x: 0, y: 0, z: 0}
--- !u!23 &1402201941
Renderer:
  m_ObjectHideFlags: 0
  m_PrefabParentObject: {fileID: 0}
  m_PrefabInternal: {fileID: 0}
  m_GameObject: {fileID: 1402201939}
  m_Enabled: 1
  m_CastShadows: 1
  m_ReceiveShadows: 1
  m_LightmapIndex: 255
  m_LightmapTilingOffset: {x: 1, y: 1, z: 0, w: 0}
  m_Materials:
  - {fileID: 10302, guid: 0000000000000000f000000000000000, type: 0}
  m_SubsetIndices: 
  m_StaticBatchRoot: {fileID: 0}
  m_UseLightProbes: 0
  m_LightProbeAnchor: {fileID: 0}
  m_ScaleInLightmap: 1
  m_SortingLayer: 0
  m_SortingOrder: 0
  m_SortingLayerID: 0
--- !u!65 &1402201942
BoxCollider:
  m_ObjectHideFlags: 0
  m_PrefabParentObject: {fileID: 0}
  m_PrefabInternal: {fileID: 0}
  m_GameObject: {fileID: 1402201939}
  m_Material: {fileID: 0}
  m_IsTrigger: 0
  m_Enabled: 1
  serializedVersion: 2
  m_Size: {x: 1, y: 1, z: 1}
  m_Center: {x: 0, y: 0, z: 0}
--- !u!33 &1402201943
MeshFilter:
  m_ObjectHideFlags: 0
  m_PrefabParentObject: {fileID: 0}
  m_PrefabInternal: {fileID: 0}
  m_GameObject: {fileID: 1402201939}
  m_Mesh: {fileID: 10202, guid: 0000000000000000e000000000000000, type: 0}
--- !u!4 &1402201944
Transform:
  m_ObjectHideFlags: 0
  m_PrefabParentObject: {fileID: 0}
  m_PrefabInternal: {fileID: 0}
  m_GameObject: {fileID: 1402201939}
  m_LocalRotation: {x: 0, y: 0, z: 0, w: 1}
  m_LocalPosition: {x: 0, y: .240402222, z: -19.8600006}
  m_LocalScale: {x: 39.338192, y: 2.54481673, z: 1}
  m_Children: []
  m_Father: {fileID: 1617230974}
--- !u!1 &1483055675
GameObject:
  m_ObjectHideFlags: 0
  m_PrefabParentObject: {fileID: 0}
  m_PrefabInternal: {fileID: 0}
  serializedVersion: 4
  m_Component:
  - 4: {fileID: 1483055676}
  - 33: {fileID: 1483055680}
  - 65: {fileID: 1483055679}
  - 23: {fileID: 1483055678}
  - 65: {fileID: 1483055677}
  m_Layer: 0
  m_Name: Cube
  m_TagString: Untagged
  m_Icon: {fileID: 0}
  m_NavMeshLayer: 0
  m_StaticEditorFlags: 0
  m_IsActive: 1
--- !u!4 &1483055676
Transform:
  m_ObjectHideFlags: 0
  m_PrefabParentObject: {fileID: 0}
  m_PrefabInternal: {fileID: 0}
  m_GameObject: {fileID: 1483055675}
  m_LocalRotation: {x: 0, y: 0, z: 0, w: 1}
  m_LocalPosition: {x: 0, y: .240402222, z: 19.8204479}
  m_LocalScale: {x: 39.338192, y: 2.54481673, z: 1}
  m_Children: []
  m_Father: {fileID: 1617230974}
--- !u!65 &1483055677
BoxCollider:
  m_ObjectHideFlags: 0
  m_PrefabParentObject: {fileID: 0}
  m_PrefabInternal: {fileID: 0}
  m_GameObject: {fileID: 1483055675}
  m_Material: {fileID: 0}
  m_IsTrigger: 0
  m_Enabled: 1
  serializedVersion: 2
  m_Size: {x: 1, y: 1, z: 1}
  m_Center: {x: 0, y: 0, z: 0}
--- !u!23 &1483055678
Renderer:
  m_ObjectHideFlags: 0
  m_PrefabParentObject: {fileID: 0}
  m_PrefabInternal: {fileID: 0}
  m_GameObject: {fileID: 1483055675}
  m_Enabled: 1
  m_CastShadows: 1
  m_ReceiveShadows: 1
  m_LightmapIndex: 255
  m_LightmapTilingOffset: {x: 1, y: 1, z: 0, w: 0}
  m_Materials:
  - {fileID: 10302, guid: 0000000000000000f000000000000000, type: 0}
  m_SubsetIndices: 
  m_StaticBatchRoot: {fileID: 0}
  m_UseLightProbes: 0
  m_LightProbeAnchor: {fileID: 0}
  m_ScaleInLightmap: 1
  m_SortingLayer: 0
  m_SortingOrder: 0
  m_SortingLayerID: 0
--- !u!65 &1483055679
BoxCollider:
  m_ObjectHideFlags: 0
  m_PrefabParentObject: {fileID: 0}
  m_PrefabInternal: {fileID: 0}
  m_GameObject: {fileID: 1483055675}
  m_Material: {fileID: 0}
  m_IsTrigger: 0
  m_Enabled: 1
  serializedVersion: 2
  m_Size: {x: 1, y: 1, z: 1}
  m_Center: {x: 0, y: 0, z: 0}
--- !u!33 &1483055680
MeshFilter:
  m_ObjectHideFlags: 0
  m_PrefabParentObject: {fileID: 0}
  m_PrefabInternal: {fileID: 0}
  m_GameObject: {fileID: 1483055675}
  m_Mesh: {fileID: 10202, guid: 0000000000000000e000000000000000, type: 0}
--- !u!1 &1617230973
GameObject:
  m_ObjectHideFlags: 0
  m_PrefabParentObject: {fileID: 0}
  m_PrefabInternal: {fileID: 0}
  serializedVersion: 4
  m_Component:
  - 4: {fileID: 1617230974}
  m_Layer: 0
  m_Name: Geometry
  m_TagString: Untagged
  m_Icon: {fileID: 0}
  m_NavMeshLayer: 0
  m_StaticEditorFlags: 0
  m_IsActive: 1
--- !u!4 &1617230974
Transform:
  m_ObjectHideFlags: 0
  m_PrefabParentObject: {fileID: 0}
  m_PrefabInternal: {fileID: 0}
  m_GameObject: {fileID: 1617230973}
  m_LocalRotation: {x: 0, y: .385986537, z: 0, w: .922504425}
  m_LocalPosition: {x: 0, y: -1.11642075, z: 0}
  m_LocalScale: {x: 1, y: 1, z: 1}
  m_Children:
  - {fileID: 492775810}
  - {fileID: 1007847194}
  - {fileID: 1483055676}
  - {fileID: 1402201944}
  - {fileID: 1971109876}
  m_Father: {fileID: 0}
--- !u!1 &1855955312
GameObject:
  m_ObjectHideFlags: 0
  m_PrefabParentObject: {fileID: 100000, guid: e38883c9b7bb20e4090798265c011b72, type: 2}
  m_PrefabInternal: {fileID: 421335384}
  serializedVersion: 4
  m_Component:
  - 4: {fileID: 1855955313}
  - 114: {fileID: 1855955314}
  m_Layer: 0
  m_Name: EnemySpawner
  m_TagString: Untagged
  m_Icon: {fileID: 266726316, guid: 0000000000000000d000000000000000, type: 0}
  m_NavMeshLayer: 0
  m_StaticEditorFlags: 0
  m_IsActive: 1
--- !u!4 &1855955313
Transform:
  m_ObjectHideFlags: 0
  m_PrefabParentObject: {fileID: 400000, guid: e38883c9b7bb20e4090798265c011b72, type: 2}
  m_PrefabInternal: {fileID: 421335384}
  m_GameObject: {fileID: 1855955312}
  m_LocalRotation: {x: 0, y: 0, z: 0, w: 1}
  m_LocalPosition: {x: .340986371, y: 0, z: 24}
  m_LocalScale: {x: 1, y: 1, z: 1}
  m_Children: []
  m_Father: {fileID: 0}
--- !u!114 &1855955314
MonoBehaviour:
  m_ObjectHideFlags: 0
  m_PrefabParentObject: {fileID: 11400000, guid: e38883c9b7bb20e4090798265c011b72,
    type: 2}
  m_PrefabInternal: {fileID: 421335384}
  m_GameObject: {fileID: 1855955312}
  m_Enabled: 1
  m_EditorHideFlags: 0
  m_Script: {fileID: 11500000, guid: 1f810a45dbc18154398ebb1a5d32c309, type: 3}
  m_Name: 
  m_EditorClassIdentifier: 
  Parent: {fileID: 1188872611}
  EnemyPrefab: {fileID: 100000, guid: 24b1c4609db7ee6429679964dd4eed21, type: 2}
  SpawnFrequency: 10
  Waves: 0
  status: 0
--- !u!1 &1921974224
GameObject:
  m_ObjectHideFlags: 0
  m_PrefabParentObject: {fileID: 100000, guid: 3c895b8997e6b914fad31908de2b02b7, type: 2}
  m_PrefabInternal: {fileID: 96668651}
  serializedVersion: 4
  m_Component:
  - 4: {fileID: 1921974225}
  - 212: {fileID: 1921974227}
  - 114: {fileID: 1921974226}
  m_Layer: 0
  m_Name: HUDNumbersPrefab
  m_TagString: Untagged
  m_Icon: {fileID: 0}
  m_NavMeshLayer: 0
  m_StaticEditorFlags: 0
  m_IsActive: 1
--- !u!4 &1921974225
Transform:
  m_ObjectHideFlags: 0
  m_PrefabParentObject: {fileID: 400000, guid: 3c895b8997e6b914fad31908de2b02b7, type: 2}
  m_PrefabInternal: {fileID: 96668651}
  m_GameObject: {fileID: 1921974224}
  m_LocalRotation: {x: 0, y: 0, z: 0, w: 1}
  m_LocalPosition: {x: -6.28324127, y: 3.97925949, z: 10}
  m_LocalScale: {x: 1, y: 1, z: 1}
  m_Children: []
  m_Father: {fileID: 240265276}
--- !u!114 &1921974226
MonoBehaviour:
  m_ObjectHideFlags: 0
  m_PrefabParentObject: {fileID: 11400000, guid: 3c895b8997e6b914fad31908de2b02b7,
    type: 2}
  m_PrefabInternal: {fileID: 96668651}
  m_GameObject: {fileID: 1921974224}
  m_Enabled: 1
  m_EditorHideFlags: 0
  m_Script: {fileID: 11500000, guid: 21abc27d8bd7ff8438bcdbbca68a2699, type: 3}
  m_Name: 
  m_EditorClassIdentifier: 
  Numbers:
  - {fileID: 21300030, guid: 7c5be9a5bd4560041a1faefa7559d120, type: 3}
  - {fileID: 21300056, guid: 7c5be9a5bd4560041a1faefa7559d120, type: 3}
  - {fileID: 21300038, guid: 7c5be9a5bd4560041a1faefa7559d120, type: 3}
  - {fileID: 21300042, guid: 7c5be9a5bd4560041a1faefa7559d120, type: 3}
  - {fileID: 21300052, guid: 7c5be9a5bd4560041a1faefa7559d120, type: 3}
  - {fileID: 21300054, guid: 7c5be9a5bd4560041a1faefa7559d120, type: 3}
  - {fileID: 21300050, guid: 7c5be9a5bd4560041a1faefa7559d120, type: 3}
  - {fileID: 21300028, guid: 7c5be9a5bd4560041a1faefa7559d120, type: 3}
  - {fileID: 21300026, guid: 7c5be9a5bd4560041a1faefa7559d120, type: 3}
  - {fileID: 21300048, guid: 7c5be9a5bd4560041a1faefa7559d120, type: 3}
  NumberOfNumbers: 10
  Number: 1234567890
--- !u!212 &1921974227
SpriteRenderer:
  m_ObjectHideFlags: 0
  m_PrefabParentObject: {fileID: 21200000, guid: 3c895b8997e6b914fad31908de2b02b7,
    type: 2}
  m_PrefabInternal: {fileID: 96668651}
  m_GameObject: {fileID: 1921974224}
  m_Enabled: 1
  m_CastShadows: 0
  m_ReceiveShadows: 0
  m_LightmapIndex: 255
  m_LightmapTilingOffset: {x: 1, y: 1, z: 0, w: 0}
  m_Materials:
  - {fileID: 10754, guid: 0000000000000000e000000000000000, type: 0}
  m_SubsetIndices: 
  m_StaticBatchRoot: {fileID: 0}
  m_UseLightProbes: 0
  m_LightProbeAnchor: {fileID: 0}
  m_ScaleInLightmap: 1
  m_SortingLayer: 0
  m_SortingOrder: 0
  m_SortingLayerID: 0
  m_Sprite: {fileID: 0}
  m_Color: {r: 1, g: 1, b: 1, a: 1}
--- !u!1 &1971109875
GameObject:
  m_ObjectHideFlags: 0
  m_PrefabParentObject: {fileID: 0}
  m_PrefabInternal: {fileID: 0}
  serializedVersion: 4
  m_Component:
  - 4: {fileID: 1971109876}
  - 33: {fileID: 1971109880}
  - 23: {fileID: 1971109878}
  m_Layer: 0
  m_Name: Plane
  m_TagString: Untagged
  m_Icon: {fileID: 0}
  m_NavMeshLayer: 0
  m_StaticEditorFlags: 0
  m_IsActive: 1
--- !u!4 &1971109876
Transform:
  m_ObjectHideFlags: 0
  m_PrefabParentObject: {fileID: 0}
  m_PrefabInternal: {fileID: 0}
  m_GameObject: {fileID: 1971109875}
  m_LocalRotation: {x: 0, y: 0, z: 0, w: 1}
  m_LocalPosition: {x: 0, y: 0, z: 0}
  m_LocalScale: {x: 3.89318466, y: 3.89318466, z: 3.89318466}
  m_Children: []
  m_Father: {fileID: 1617230974}
--- !u!23 &1971109878
Renderer:
  m_ObjectHideFlags: 0
  m_PrefabParentObject: {fileID: 0}
  m_PrefabInternal: {fileID: 0}
  m_GameObject: {fileID: 1971109875}
  m_Enabled: 1
  m_CastShadows: 1
  m_ReceiveShadows: 1
  m_LightmapIndex: 255
  m_LightmapTilingOffset: {x: 1, y: 1, z: 0, w: 0}
  m_Materials:
  - {fileID: 10302, guid: 0000000000000000f000000000000000, type: 0}
  m_SubsetIndices: 
  m_StaticBatchRoot: {fileID: 0}
  m_UseLightProbes: 0
  m_LightProbeAnchor: {fileID: 0}
  m_ScaleInLightmap: 1
  m_SortingLayer: 0
  m_SortingOrder: 0
  m_SortingLayerID: 0
--- !u!33 &1971109880
MeshFilter:
  m_ObjectHideFlags: 0
  m_PrefabParentObject: {fileID: 0}
  m_PrefabInternal: {fileID: 0}
  m_GameObject: {fileID: 1971109875}
  m_Mesh: {fileID: 10209, guid: 0000000000000000e000000000000000, type: 0}
